
    <zs:record>
      <zs:recordSchema/>
      <zs:recordPacking>xml</zs:recordPacking>
      <zs:recordData>
        <record xmlns="http://www.loc.gov/MARC21/slim">
          <leader>00907cam a22002412  4500</leader>
          <controlfield tag="001">6380630</controlfield>
          <controlfield tag="005">20220415153602.0</controlfield>
          <controlfield tag="008">830506s1890    stkh          000 0 eng  </controlfield>
          <datafield tag="906" ind1=" " ind2=" ">
            <subfield code="a">0</subfield>
            <subfield code="b">cbc</subfield>
            <subfield code="c">premunv</subfield>
            <subfield code="d">u</subfield>
            <subfield code="e">ncip</subfield>
            <subfield code="f">19</subfield>
            <subfield code="g">y-gencatlg</subfield>
          </datafield>
          <datafield tag="010" ind1=" " ind2=" ">
            <subfield code="a">   21002875 </subfield>
          </datafield>
          <datafield tag="035" ind1=" " ind2=" ">
            <subfield code="9">(DLC)   21002875</subfield>
          </datafield>
          <datafield tag="040" ind1=" " ind2=" ">
            <subfield code="a">DLC</subfield>
            <subfield code="c">CarP</subfield>
            <subfield code="d">DLC</subfield>
          </datafield>
          <datafield tag="050" ind1="0" ind2="0">
            <subfield code="a">HJ9443</subfield>
            <subfield code="b">.I72</subfield>
          </datafield>
          <datafield tag="110" ind1="1" ind2=" ">
            <subfield code="a">Islay, Hebrides. [from old catalog]</subfield>
          </datafield>
          <datafield tag="245" ind1="1" ind2="4">
            <subfield code="a">The stent book and Acts of the balliary of Islay. 1718-1843.</subfield>
          </datafield>
          <datafield tag="260" ind1=" " ind2=" ">
            <subfield code="a">[Edinburgh,</subfield>
            <subfield code="b">Printed by Neill and company]</subfield>
            <subfield code="c">1890.</subfield>
          </datafield>
          <datafield tag="300" ind1=" " ind2=" ">
            <subfield code="a">vi, 292 p.</subfield>
            <subfield code="b">facsims.</subfield>
            <subfield code="c">30 cm.</subfield>
          </datafield>
          <datafield tag="650" ind1=" " ind2="0">
            <subfield code="a">Taxation</subfield>
            <subfield code="z">Islay, Hebrides. [from old catalog]</subfield>
          </datafield>
          <datafield tag="650" ind1=" " ind2="0">
            <subfield code="a">Tax assessment.</subfield>
          </datafield>
          <datafield tag="700" ind1="1" ind2=" ">
            <subfield code="a">Ramsay, Lucy Martin,</subfield>
            <subfield code="d">-1905, [from old catalog]</subfield>
            <subfield code="e">ed.</subfield>
          </datafield>
          <datafield tag="852" ind1="8" ind2=" ">
            <subfield code="b">s-Online</subfield>
            <subfield code="h">Electronic Resource</subfield>
          </datafield>
          <datafield tag="856" ind1="4" ind2="1">
            <subfield code="3">Electronic copy from HathiTrust</subfield>
            <subfield code="u">https://catalog.hathitrust.org/Record/100512149</subfield>
          </datafield>
          <datafield tag="991" ind1=" " ind2=" ">
            <subfield code="b">c-GenColl</subfield>
            <subfield code="h">HJ9443</subfield>
            <subfield code="i">.I72</subfield>
            <subfield code="t">Copy 1</subfield>
            <subfield code="w">PREM</subfield>
          </datafield>
        </record>
      </zs:recordData>
      <zs:recordPosition>6</zs:recordPosition>
    </zs:record>