
    <zs:record>
      <zs:recordSchema/>
      <zs:recordPacking>xml</zs:recordPacking>
      <zs:recordData>
        <record xmlns="http://www.loc.gov/MARC21/slim">
          <leader>02559cam a2200313 a 4500</leader>
          <controlfield tag="001">16968578</controlfield>
          <controlfield tag="005">20121025103540.0</controlfield>
          <controlfield tag="008">110920s2010    nyua          001 0 eng  </controlfield>
          <datafield tag="906" ind1=" " ind2=" ">
            <subfield code="a">7</subfield>
            <subfield code="b">cbc</subfield>
            <subfield code="c">copycat</subfield>
            <subfield code="d">2</subfield>
            <subfield code="e">ncip</subfield>
            <subfield code="f">20</subfield>
            <subfield code="g">y-gencatlg</subfield>
          </datafield>
          <datafield tag="925" ind1="0" ind2=" ">
            <subfield code="a">acquire</subfield>
            <subfield code="b">2 shelf copies</subfield>
            <subfield code="x">policy default</subfield>
          </datafield>
          <datafield tag="955" ind1=" " ind2=" ">
            <subfield code="b">xh14 2011-09-20 z-processor</subfield>
            <subfield code="a">xh14 2011-09-20 2 copies to USGEN</subfield>
            <subfield code="i">rc15 2011-09-27 to BCCD</subfield>
          </datafield>
          <datafield tag="010" ind1=" " ind2=" ">
            <subfield code="a">  2011292546</subfield>
          </datafield>
          <datafield tag="016" ind1=" " ind2=" ">
            <subfield code="a">20109014065</subfield>
          </datafield>
          <datafield tag="020" ind1=" " ind2=" ">
            <subfield code="a">9781554077106</subfield>
          </datafield>
          <datafield tag="020" ind1=" " ind2=" ">
            <subfield code="a">1554077109</subfield>
          </datafield>
          <datafield tag="035" ind1=" " ind2=" ">
            <subfield code="a">(OCoLC)ocn541668472</subfield>
          </datafield>
          <datafield tag="040" ind1=" " ind2=" ">
            <subfield code="a">NLC</subfield>
            <subfield code="b">eng</subfield>
            <subfield code="c">NLC</subfield>
            <subfield code="d">YDXCP</subfield>
            <subfield code="d">WIQ</subfield>
            <subfield code="d">ABG</subfield>
            <subfield code="d">QBX</subfield>
            <subfield code="d">OMB</subfield>
            <subfield code="d">VP@</subfield>
            <subfield code="d">DLC</subfield>
          </datafield>
          <datafield tag="042" ind1=" " ind2=" ">
            <subfield code="a">lccopycat</subfield>
          </datafield>
          <datafield tag="050" ind1="0" ind2="0">
            <subfield code="a">NK2115.5.L5</subfield>
            <subfield code="b">M37 2010</subfield>
          </datafield>
          <datafield tag="082" ind1="0" ind2="4">
            <subfield code="a">747/.92</subfield>
            <subfield code="2">22</subfield>
          </datafield>
          <datafield tag="100" ind1="1" ind2=" ">
            <subfield code="a">Martin, Lucy,</subfield>
            <subfield code="d">1968-</subfield>
          </datafield>
          <datafield tag="245" ind1="1" ind2="4">
            <subfield code="a">The home lighting effects bible /</subfield>
            <subfield code="c">Lucy Martin.</subfield>
          </datafield>
          <datafield tag="260" ind1=" " ind2=" ">
            <subfield code="a">Buffalo, N.Y. ;</subfield>
            <subfield code="a">Richmond Hill, Ont. :</subfield>
            <subfield code="b">Firefly Books,</subfield>
            <subfield code="c">2010.</subfield>
          </datafield>
          <datafield tag="300" ind1=" " ind2=" ">
            <subfield code="a">256 p. :</subfield>
            <subfield code="b">ill. (chiefly col.) ;</subfield>
            <subfield code="c">21 cm.</subfield>
          </datafield>
          <datafield tag="500" ind1=" " ind2=" ">
            <subfield code="a">Includes index.</subfield>
          </datafield>
          <datafield tag="505" ind1="0" ind2=" ">
            <subfield code="a">1. Core knowledge : Understanding light ; Different rooms, different requirements ; Choosing a light source ; Energy-efficient lighting ; Positioning light sources ; Layering light sources ; Layering an existing lighting scheme ; Separating the layers ; Controlling light sources -- 2. Making the most of what you've got : Harvest natural light ; Change your bulbs ; Change your shades ; Use plug-in solutions ; Introduce color -- 3. Principles of good lighting : Fixed recessed downlights ; Recessed directional spotlights ; Surface-mounted lighting ; Track lighting ; Cable systems ; Wall-mounted uplighting and downlighting ; Floor-recessed uplights and wall-recessed floor washers ; Concealed lighting ; COve and coffer lighting ; Slot and niche lighting ; Mirror lighting ; Task lighting ; Special effects lighting -- 4. Decorative lights : Pendants ; Ceiling-mounted fixtures ; Wall lights ; Floor-standing lamps ; Table lamps ; Desk lamps ; Kids' and fun lighting ; Picture lights ; Outdoor lights -- In the home : Front door and porches ; Entrances and hallways ; Stairs and landings ; Living rooms ; Kitchens ; Dining rooms ; Open-plan living ; Children's rooms ; Home offices ; Wine cellars ; Media rooms ; Half baths ; Bedrooms ; Bathrooms ; Home gyms ; Swimming pools ; Sunrooms ; Outdoor spaces ; Details -- Glossary -- Resources.</subfield>
          </datafield>
          <datafield tag="650" ind1=" " ind2="0">
            <subfield code="a">Lighting, Architectural and decorative.</subfield>
          </datafield>
          <datafield tag="856" ind1="4" ind2="2">
            <subfield code="3">Contributor biographical information</subfield>
            <subfield code="u">http://www.loc.gov/catdir/enhancements/fy1301/2011292546-b.html</subfield>
          </datafield>
          <datafield tag="856" ind1="4" ind2="2">
            <subfield code="3">Publisher description</subfield>
            <subfield code="u">http://www.loc.gov/catdir/enhancements/fy1301/2011292546-d.html</subfield>
          </datafield>
        </record>
      </zs:recordData>
      <zs:recordPosition>8</zs:recordPosition>
    </zs:record>