
    <zs:record>
      <zs:recordSchema/>
      <zs:recordPacking>xml</zs:recordPacking>
      <zs:recordData>
        <record xmlns="http://www.loc.gov/MARC21/slim">
          <leader>03351cam a22004338i 4500</leader>
          <controlfield tag="001">22981831</controlfield>
          <controlfield tag="005">20230221153253.0</controlfield>
          <controlfield tag="008">230217s2023    nyu     ob    001 0 eng  </controlfield>
          <controlfield tag="006">m    |o  d |     </controlfield>
          <controlfield tag="007">cr_|||||||||||</controlfield>
          <datafield tag="906" ind1=" " ind2=" ">
            <subfield code="a">7</subfield>
            <subfield code="b">cbc</subfield>
            <subfield code="c">orignew</subfield>
            <subfield code="d">1</subfield>
            <subfield code="e">ecip</subfield>
            <subfield code="f">20</subfield>
            <subfield code="g">y-gencatlg</subfield>
          </datafield>
          <datafield tag="925" ind1="0" ind2=" ">
            <subfield code="a">acquire</subfield>
            <subfield code="e">ecip ebook</subfield>
            <subfield code="x">policy default</subfield>
          </datafield>
          <datafield tag="955" ind1=" " ind2=" ">
            <subfield code="a">ecip ebook 2023-02-21</subfield>
          </datafield>
          <datafield tag="010" ind1=" " ind2=" ">
            <subfield code="a">  2023007300</subfield>
          </datafield>
          <datafield tag="020" ind1=" " ind2=" ">
            <subfield code="a">9780197672662</subfield>
            <subfield code="q">(epub)</subfield>
          </datafield>
          <datafield tag="020" ind1=" " ind2=" ">
            <subfield code="z">9780197672631</subfield>
            <subfield code="q">(hardback)</subfield>
          </datafield>
          <datafield tag="020" ind1=" " ind2=" ">
            <subfield code="z">9780197672648</subfield>
            <subfield code="q">(paperback)</subfield>
          </datafield>
          <datafield tag="040" ind1=" " ind2=" ">
            <subfield code="a">DLC</subfield>
            <subfield code="b">eng</subfield>
            <subfield code="c">DLC</subfield>
            <subfield code="e">rda</subfield>
          </datafield>
          <datafield tag="042" ind1=" " ind2=" ">
            <subfield code="a">pcc</subfield>
          </datafield>
          <datafield tag="043" ind1=" " ind2=" ">
            <subfield code="a">f------</subfield>
          </datafield>
          <datafield tag="050" ind1="0" ind2="0">
            <subfield code="a">HJ3021</subfield>
          </datafield>
          <datafield tag="082" ind1="0" ind2="0">
            <subfield code="a">336.20096</subfield>
            <subfield code="2">23/eng/20230216</subfield>
          </datafield>
          <datafield tag="100" ind1="1" ind2=" ">
            <subfield code="a">Martin, Lucy</subfield>
            <subfield code="q">(Lucy Elizabeth Semple),</subfield>
            <subfield code="e">author.</subfield>
          </datafield>
          <datafield tag="245" ind1="1" ind2="0">
            <subfield code="a">Strategic taxation :</subfield>
            <subfield code="b">fiscal capacity and accountability in African states /</subfield>
            <subfield code="c">Lucy Martin.</subfield>
          </datafield>
          <datafield tag="263" ind1=" " ind2=" ">
            <subfield code="a">2306</subfield>
          </datafield>
          <datafield tag="264" ind1=" " ind2="1">
            <subfield code="a">New York, NY :</subfield>
            <subfield code="b">Oxford University Press,</subfield>
            <subfield code="c">[2023]</subfield>
          </datafield>
          <datafield tag="300" ind1=" " ind2=" ">
            <subfield code="a">1 online resource</subfield>
          </datafield>
          <datafield tag="336" ind1=" " ind2=" ">
            <subfield code="a">text</subfield>
            <subfield code="b">txt</subfield>
            <subfield code="2">rdacontent</subfield>
          </datafield>
          <datafield tag="337" ind1=" " ind2=" ">
            <subfield code="a">computer</subfield>
            <subfield code="b">c</subfield>
            <subfield code="2">rdamedia</subfield>
          </datafield>
          <datafield tag="338" ind1=" " ind2=" ">
            <subfield code="a">online resource</subfield>
            <subfield code="b">cr</subfield>
            <subfield code="2">rdacarrier</subfield>
          </datafield>
          <datafield tag="504" ind1=" " ind2=" ">
            <subfield code="a">Includes bibliographical references and index.</subfield>
          </datafield>
          <datafield tag="520" ind1=" " ind2=" ">
            <subfield code="a">"Across the developing world, governments still lack the fiscal capacity to fund critical public goods, alleviate poverty, and invest in economic development. Yet, we know little about how to effectively build strong states in these settings. This book develops and tests a new theory to explain why fiscal capacity in African states is low. Drawing on work in psychology and behavioral economics, this book argues that taxation leads citizens to demand more from leaders as they seek to recover lost income from taxation. It then argues that governments' willingness to tax will depend on the extent to which they can satisfy citizens' demands while maintaining rent extraction. Rent-seeking leaders of low-capacity states will strategically underinvest in fiscal capacity in order to avoid the higher demands they face under taxation. Contrary to many existing theories, I show that this can actually lead to lower taxation in democracies compared to autocracies, as citizen accountability demands pose a bigger threat to rulers. The book uses multiple empirical approaches to test the theory. Laboratory experiments in Uganda and Ghana, combined with Afrobarometer data, demonstrate that taxation increases citizens' demands on leaders. Global cross-national panel data show that democracy can actually lead to lower taxation in low-capacity states. When taxation is sustainable, however, it is associated with better governance. Case studies in Uganda, based on the author's own fieldwork and original survey data, provide additional support for the theory. These findings provide new framework for understanding the challenges to building state capacity, especially fiscal capacity, in modern developing countries"--</subfield>
            <subfield code="c">Provided by publisher.</subfield>
          </datafield>
          <datafield tag="588" ind1=" " ind2=" ">
            <subfield code="a">Description based on print version record and CIP data provided by publisher; resource not viewed.</subfield>
          </datafield>
          <datafield tag="650" ind1=" " ind2="0">
            <subfield code="a">Taxation</subfield>
            <subfield code="z">Africa.</subfield>
          </datafield>
          <datafield tag="650" ind1=" " ind2="0">
            <subfield code="a">Finance, Public</subfield>
            <subfield code="z">Africa.</subfield>
          </datafield>
          <datafield tag="650" ind1=" " ind2="0">
            <subfield code="a">Government accountability</subfield>
            <subfield code="z">Africa.</subfield>
          </datafield>
          <datafield tag="650" ind1=" " ind2="0">
            <subfield code="a">Public administration</subfield>
            <subfield code="z">Africa.</subfield>
          </datafield>
          <datafield tag="776" ind1="0" ind2="8">
            <subfield code="i">Print version:</subfield>
            <subfield code="a">Martin, Lucy</subfield>
            <subfield code="t">Strategic taxation</subfield>
            <subfield code="d">New York, NY : Oxford University Press, [2023]</subfield>
            <subfield code="z">9780197672631</subfield>
            <subfield code="w">(DLC) 2023007299</subfield>
          </datafield>
          <datafield tag="985" ind1=" " ind2=" ">
            <subfield code="a">LC online resource</subfield>
            <subfield code="d">2023-02-21</subfield>
          </datafield>
        </record>
      </zs:recordData>
      <zs:recordPosition>11</zs:recordPosition>
    </zs:record>
  </zs:records>
  <zs:echoedSearchRetrieveRequest>
    <zs:version>1.1</zs:version>
    <zs:query>dc.creator="Martin, Lucy" or dc.creator="Ramsay, Lucy"</zs:query>
    <zs:maximumRecords>100</zs:maximumRecords>
    <zs:recordPacking>xml</zs:recordPacking>
  </zs:echoedSearchRetrieveRequest>
</zs:searchRetrieveResponse>
